<?xml version="1.0" encoding="utf-8" ?>
<gnc-v2
     xmlns:gnc="http://www.gnucash.org/XML/gnc"
     xmlns:act="http://www.gnucash.org/XML/act"
     xmlns:book="http://www.gnucash.org/XML/book"
     xmlns:cd="http://www.gnucash.org/XML/cd"
     xmlns:cmdty="http://www.gnucash.org/XML/cmdty"
     xmlns:price="http://www.gnucash.org/XML/price"
     xmlns:slot="http://www.gnucash.org/XML/slot"
     xmlns:split="http://www.gnucash.org/XML/split"
     xmlns:sx="http://www.gnucash.org/XML/sx"
     xmlns:trn="http://www.gnucash.org/XML/trn"
     xmlns:ts="http://www.gnucash.org/XML/ts"
     xmlns:fs="http://www.gnucash.org/XML/fs"
     xmlns:bgt="http://www.gnucash.org/XML/bgt"
     xmlns:recurrence="http://www.gnucash.org/XML/recurrence"
     xmlns:lot="http://www.gnucash.org/XML/lot"
     xmlns:cust="http://www.gnucash.org/XML/cust"
     xmlns:job="http://www.gnucash.org/XML/job"
     xmlns:addr="http://www.gnucash.org/XML/addr"
     xmlns:owner="http://www.gnucash.org/XML/owner"
     xmlns:taxtable="http://www.gnucash.org/XML/taxtable"
     xmlns:tte="http://www.gnucash.org/XML/tte"
     xmlns:employee="http://www.gnucash.org/XML/employee"
     xmlns:order="http://www.gnucash.org/XML/order"
     xmlns:billterm="http://www.gnucash.org/XML/billterm"
     xmlns:bt-days="http://www.gnucash.org/XML/bt-days"
     xmlns:bt-prox="http://www.gnucash.org/XML/bt-prox"
     xmlns:invoice="http://www.gnucash.org/XML/invoice"
     xmlns:entry="http://www.gnucash.org/XML/entry"
     xmlns:vendor="http://www.gnucash.org/XML/vendor">
<gnc:count-data cd:type="book">1</gnc:count-data>
<gnc:book version="2.0.0">
<book:id type="guid">70a267b98c1cd67d4489c3f4c51de856</book:id>
<gnc:count-data cd:type="account">6</gnc:count-data>
<gnc:count-data cd:type="transaction">2</gnc:count-data>
<gnc:commodity version="2.0.0">
  <cmdty:space>ISO4217</cmdty:space>
  <cmdty:id>PLN</cmdty:id>
  <cmdty:get_quotes/>
  <cmdty:quote_source>currency</cmdty:quote_source>
  <cmdty:quote_tz/>
</gnc:commodity>
<gnc:account version="2.0.0">
  <act:name>Root Account</act:name>
  <act:id type="guid">396d9552d1e47944cb918bfb86aff2fa</act:id>
  <act:type>ROOT</act:type>
  <act:commodity-scu>0</act:commodity-scu>
</gnc:account>
<gnc:account version="2.0.0">
  <act:name>Assets</act:name>
  <act:id type="guid">3b174d481178f04b84933df9983a0f7a</act:id>
  <act:type>ASSET</act:type>
  <act:commodity>
    <cmdty:space>ISO4217</cmdty:space>
    <cmdty:id>PLN</cmdty:id>
  </act:commodity>
  <act:commodity-scu>100</act:commodity-scu>
  <act:description>Assets</act:description>
  <act:parent type="guid">396d9552d1e47944cb918bfb86aff2fa</act:parent>
</gnc:account>
<gnc:account version="2.0.0">
  <act:name>Income</act:name>
  <act:id type="guid">9e4f067fdd36e1114b228aa619fbc3e8</act:id>
  <act:type>INCOME</act:type>
  <act:commodity>
    <cmdty:space>ISO4217</cmdty:space>
    <cmdty:id>PLN</cmdty:id>
  </act:commodity>
  <act:commodity-scu>100</act:commodity-scu>
  <act:description>Income</act:description>
  <act:parent type="guid">396d9552d1e47944cb918bfb86aff2fa</act:parent>
</gnc:account>
<gnc:account version="2.0.0">
  <act:name>Expenses</act:name>
  <act:id type="guid">b2f234f1a43963f348860e8cda4e07f6</act:id>
  <act:type>EXPENSE</act:type>
  <act:commodity>
    <cmdty:space>ISO4217</cmdty:space>
    <cmdty:id>PLN</cmdty:id>
  </act:commodity>
  <act:commodity-scu>100</act:commodity-scu>
  <act:description>Expenses</act:description>
  <act:parent type="guid">396d9552d1e47944cb918bfb86aff2fa</act:parent>
</gnc:account>
<gnc:account version="2.0.0">
  <act:name>Equity</act:name>
  <act:id type="guid">85485a00d6f50e55af7f618ad46024b9</act:id>
  <act:type>EQUITY</act:type>
  <act:commodity>
    <cmdty:space>ISO4217</cmdty:space>
    <cmdty:id>PLN</cmdty:id>
  </act:commodity>
  <act:commodity-scu>100</act:commodity-scu>
  <act:description>Equity</act:description>
  <act:parent type="guid">396d9552d1e47944cb918bfb86aff2fa</act:parent>
</gnc:account>
<gnc:account version="2.0.0">
  <act:name>Liability</act:name>
  <act:id type="guid">c3042b18c15a3191605cbb9e2c89c980</act:id>
  <act:type>LIABILITY</act:type>
  <act:commodity>
    <cmdty:space>ISO4217</cmdty:space>
    <cmdty:id>PLN</cmdty:id>
  </act:commodity>
  <act:commodity-scu>100</act:commodity-scu>
  <act:description>Liability</act:description>
  <act:parent type="guid">396d9552d1e47944cb918bfb86aff2fa</act:parent>
</gnc:account>
<gnc:transaction version="2.0.0">
  <trn:id type="guid">dbc8904d293bc111cbedfe24d87ed365</trn:id>
  <trn:currency>
    <cmdty:space>ISO4217</cmdty:space>
    <cmdty:id>PLN</cmdty:id>
  </trn:currency>
  <trn:date-posted>
    <ts:date>2009-03-31 00:00:00 +0200</ts:date>
  </trn:date-posted>
  <trn:date-entered>
    <ts:date>2009-03-31 20:15:21 +0200</ts:date>
  </trn:date-entered>
  <trn:description>Some food</trn:description>
  <trn:splits>
    <trn:split>
      <split:id type="guid">d433118488a82812d6d970ae1ff32335</split:id>
      <split:memo>food expense description</split:memo>
      <split:reconciled-state>n</split:reconciled-state>
      <split:value>1012/100</split:value>
      <split:quantity>1012/100</split:quantity>
      <split:account type="guid">b2f234f1a43963f348860e8cda4e07f6</split:account>
    </trn:split>
    <trn:split>
      <split:id type="guid">3dddca58a7233bb922af35c3ba9fdcb7</split:id>
      <split:memo>asset expense description</split:memo>
      <split:reconciled-state>n</split:reconciled-state>
      <split:value>-1012/100</split:value>
      <split:quantity>-1012/100</split:quantity>
      <split:account type="guid">3b174d481178f04b84933df9983a0f7a</split:account>
    </trn:split>
  </trn:splits>
</gnc:transaction>
<gnc:transaction version="2.0.0">
  <trn:id type="guid">87b039cfaf3caf06c1ee710faf1330e2</trn:id>
  <trn:currency>
    <cmdty:space>ISO4217</cmdty:space>
    <cmdty:id>PLN</cmdty:id>
  </trn:currency>
  <trn:date-posted>
    <ts:date>2009-03-31 00:00:00 +0200</ts:date>
  </trn:date-posted>
  <trn:date-entered>
    <ts:date>2009-03-31 20:15:49 +0200</ts:date>
  </trn:date-entered>
  <trn:description>Work</trn:description>
  <trn:splits>
    <trn:split>
      <split:id type="guid">459a99b92ee9eeccc1852fd5e41db244</split:id>
      <split:reconciled-state>n</split:reconciled-state>
      <split:value>100000/100</split:value>
      <split:quantity>100000/100</split:quantity>
      <split:account type="guid">3b174d481178f04b84933df9983a0f7a</split:account>
    </trn:split>
    <trn:split>
      <split:id type="guid">03a9f812eb94518c2c0e0feba0a44e4d</split:id>
      <split:reconciled-state>n</split:reconciled-state>
      <split:value>-100000/100</split:value>
      <split:quantity>-100000/100</split:quantity>
      <split:account type="guid">9e4f067fdd36e1114b228aa619fbc3e8</split:account>
    </trn:split>
  </trn:splits>
</gnc:transaction>
</gnc:book>
</gnc-v2>

<!-- Local variables: -->
<!-- mode: xml        -->
<!-- End:             -->
